@Article{Fast,
  author =       "D. E. Knuth and J. H. Morris Jr. and V. R. Pratt",
  title =        "{Fast Pattern Matching In Strings}",
  journal =      "Society for Industrial and Applied Mathematics",
  volume =       "6",
  number =       "2",
  pages =        "323--349",
  year =         "1979"
}

@Article{Tree,
  author =       "C. M. Hoffmann and M. J. O'Donnel",
  title =        "{Pattern Matching in Trees}",
  journal =      "Journal of the Association for Computing Machinery",
  volume =       "29",
  number =       "1",
  pages =        "68--95",
  year =         "1980"
} 
